<record><leader>00000cas a22000007a 4500</leader><controlfield tag="001">47710139</controlfield><controlfield tag="008">010803d18821919sduwr ne      0    0eng d</controlfield><datafield ind1=" " ind2=" " tag="010"><subfield code="a">sn2001063581</subfield></datafield><datafield ind1=" " ind2=" " tag="040"><subfield code="a">SXN</subfield><subfield code="b">eng</subfield><subfield code="c">SXN</subfield><subfield code="d">OCLCQ</subfield><subfield code="d">OCLCF</subfield><subfield code="d">OCLCO</subfield></datafield><datafield ind1="1" ind2=" " tag="029"><subfield code="a">AU@</subfield><subfield code="b">000022904580</subfield></datafield><datafield ind1=" " ind2=" " tag="042"><subfield code="a">msc</subfield></datafield><datafield ind1=" " ind2=" " tag="043"><subfield code="a">n-us-sd</subfield></datafield><datafield ind1="0" ind2=" " tag="130"><subfield code="a">Frederick free press (Frederick, S.D. : 1882)</subfield></datafield><datafield ind1="1" ind2="0" tag="245"><subfield code="a">Frederick free press.</subfield></datafield><datafield ind1=" " ind2=" " tag="260"><subfield code="a">Frederick, D.T. [S.D.] :</subfield><subfield code="b">Ed L. Spence</subfield></datafield><datafield ind1=" " ind2=" " tag="300"><subfield code="a">v.</subfield></datafield><datafield ind1=" " ind2=" " tag="310"><subfield code="a">Weekly</subfield></datafield><datafield ind1="1" ind2=" " tag="362"><subfield code="a">Began in 1882.</subfield></datafield><datafield ind1="0" ind2=" " tag="362"><subfield code="a">-v. 38, no. 34 (Oct. 30, 1919).</subfield></datafield><datafield ind1=" " ind2=" " tag="515"><subfield code="a">Issues from Dec. 7, 1893 to Sept. 23, 1897 designated with roman numerals.</subfield></datafield><datafield ind1=" " ind2=" " tag="530"><subfield code="a">Available on microfilm from: State Archives, South Dakota State Historical Society.</subfield></datafield><datafield ind1=" " ind2=" " tag="588"><subfield code="a">Description based on: Vol. 1, no. 5 (May 25, 1882).</subfield></datafield><datafield ind1=" " ind2="0" tag="651"><subfield code="a">Frederick (S.D.)</subfield><subfield code="v">Newspapers.</subfield></datafield><datafield ind1=" " ind2="0" tag="651"><subfield code="a">Brown County (S.D.)</subfield><subfield code="v">Newspapers.</subfield></datafield><datafield ind1=" " ind2="7" tag="655"><subfield code="a">Newspapers.</subfield><subfield code="2">fast</subfield><subfield code="0">(OCoLC)fst01423814</subfield></datafield><datafield ind1=" " ind2="7" tag="651"><subfield code="a">South Dakota</subfield><subfield code="z">Brown County.</subfield><subfield code="2">fast</subfield><subfield code="0">(OCoLC)fst01212831</subfield></datafield><datafield ind1=" " ind2="7" tag="651"><subfield code="a">South Dakota</subfield><subfield code="z">Frederick.</subfield><subfield code="2">fast</subfield><subfield code="0">(OCoLC)fst01221815</subfield></datafield><datafield ind1=" " ind2=" " tag="752"><subfield code="a">United States</subfield><subfield code="b">South Dakota</subfield><subfield code="c">Brown</subfield><subfield code="d">Frederick.</subfield></datafield><datafield ind1="0" ind2="0" tag="785"><subfield code="t">Farmers free press</subfield><subfield code="w">(DLC)sn2001063580</subfield></datafield></record>